@inproceedings{deneu2018location,
  title={Location-based species recommendation using co-occurrences and environment-GeoLifeCLEF 2018 challenge},
  author={Deneu, Benjamin and Servajean, Maximilien and Botella, Christophe and Joly, Alexis},
  booktitle={Working Notes of CLEF 2018-Conference and Labs of the Evaluation Forum},
  volume={2125},
  year={2018}
}

@inproceedings{lorieul2021overview,
  title={Overview of GeoLifeCLEF 2021: Predicting species distribution from 2 million remote sensing images},
  author={Lorieul, Titouan and Cole, Elijah and Deneu, Benjamin and Servajean, Maximilien and Bonnet, Pierre and Joly, Alexis},
  booktitle={Working Notes of CLEF 2021-Conference and Labs of the Evaluation Forum},
  volume={2936},
  pages={1451--1462},
  year={2021}
}

@article{seneviratne2021contrastive,
  title={Contrastive representation learning for natural world imagery: Habitat prediction for 30,000 species},
  author={Seneviratne, Sachith},
  journal={CLEF working notes},
  year={2021}
}

@article{homer2015completion,
  title={Completion of the 2011 National Land Cover Database for the conterminous United States--representing a decade of land cover change information},
  author={Homer, Collin and Dewitz, Jon and Yang, Limin and Jin, Suming and Danielson, Patrick and Xian, George and Coulston, John and Herold, Nathaniel and Wickham, James and Megown, Kevin},
  journal={Photogrammetric Engineering \& Remote Sensing},
  volume={81},
  number={5},
  pages={345--354},
  year={2015},
  publisher={American Society for Photogrammetry and Remote Sensing}
}

@article{hijmans2005very,
  title={Very high resolution interpolated climate surfaces for global land areas},
  author={Hijmans, Robert J and Cameron, Susan E and Parra, Juan L and Jones, Peter G and Jarvis, Andy},
  journal={International Journal of Climatology: A Journal of the Royal Meteorological Society},
  volume={25},
  number={15},
  pages={1965--1978},
  year={2005},
  publisher={Wiley Online Library}
}

@article{hengl2017soilgrids250m,
  title={SoilGrids250m: Global gridded soil information based on machine learning},
  author={Hengl, Tomislav and Mendes de Jesus, Jorge and Heuvelink, Gerard BM and Ruiperez Gonzalez, Maria and Kilibarda, Milan and Blagoti{\'c}, Aleksandar and Shangguan, Wei and Wright, Marvin N and Geng, Xiaoyuan and Bauer-Marschallinger, Bernhard and others},
  journal={PLoS one},
  volume={12},
  number={2},
  pages={e0169748},
  year={2017},
  publisher={Public Library of Science San Francisco, CA USA}
}

@article{cutler2007random,
  title={Random forests for classification in ecology},
  author={Cutler, D Richard and Edwards Jr, Thomas C and Beard, Karen H and Cutler, Adele and Hess, Kyle T and Gibson, Jacob and Lawler, Joshua J},
  journal={Ecology},
  volume={88},
  number={11},
  pages={2783--2792},
  year={2007},
  publisher={Wiley Online Library}
}

@article{mi2017choose,
  title={Why choose Random Forest to predict rare species distribution with few samples in large undersampled areas? Three Asian crane species models provide supporting evidence},
  author={Mi, Chunrong and Huettmann, Falk and Guo, Yumin and Han, Xuesong and Wen, Lijia},
  journal={PeerJ},
  volume={5},
  pages={e2849},
  year={2017},
  publisher={PeerJ Inc.}
}


@article{chzhen2021set,
  title={Set-valued classification--overview via a unified framework},
  author={Chzhen, Evgenii and Denis, Christophe and Hebiri, Mohamed and Lorieul, Titouan},
  journal={arXiv preprint arXiv:2102.12318},
  year={2021}
}

@INPROCEEDINGS{8328619,

  author={Zhang, Jian and Li, Sen},

  booktitle={2017 International Conference on Industrial Informatics - Computing Technology, Intelligent Technology, Industrial Information Integration (ICIICII)}, 

  title={A Review of Machine Learning Based Species' Distribution Modelling}, 

  year={2017},

  volume={},

  number={},

  pages={199-206},

  doi={10.1109/ICIICII.2017.76}}

@book{franklin2010mapping,
  title={Mapping species distributions: spatial inference and prediction},
  author={Franklin, Janet},
  year={2010},
  publisher={Cambridge University Press}
}

@article{pinto2021predicting,
  title={Predicting species distributions and community composition using satellite remote sensing predictors},
  author={Pinto-Ledezma, Jes{\'u}s N and Cavender-Bares, Jeannine},
  journal={Scientific Reports},
  volume={11},
  number={1},
  pages={1--12},
  year={2021},
  publisher={Nature Publishing Group}
}